
@article{huang2006correcting,
  title={Correcting sample selection bias by unlabeled data},
  author={Huang, Jiayuan and Gretton, Arthur and Borgwardt, Karsten and Sch{\"o}lkopf, Bernhard and Smola, Alex},
  journal={Advances in neural information processing systems},
  volume={19},
  year={2006}
}

@article{gretton2009covariate,
  title={Covariate shift by kernel mean matching},
  author={Gretton, Arthur and Smola, Alex and Huang, Jiayuan and Schmittfull, Marcel and Borgwardt, Karsten and Sch{\"o}lkopf, Bernhard},
  journal={Dataset shift in machine learning},
  volume={3},
  number={4},
  pages={5},
  year={2009}
}

@inproceedings{miao2015ensemble,
  title={Ensemble kernel mean matching},
  author={Miao, Yun-Qian and Farahat, Ahmed K and Kamel, Mohamed S},
  booktitle={2015 IEEE International Conference on Data Mining},
  pages={330--338},
  year={2015},
  organization={IEEE}
}

@Manual{quadprog,
    title = {quadprog: Functions to Solve Quadratic Programming Problems},
    author = {Berwin A. Turlach and Andreas Weingessel and Cleve Moler},
    year = {2019},
    note = {R package version 1.5-8},
    url = {https://CRAN.R-project.org/package=quadprog},
  }


@book{sugiyama2012density,
  title={Density ratio estimation in machine learning},
  author={Sugiyama, Masashi and Suzuki, Taiji and Kanamori, Takafumi},
  year={2012},
  publisher={Cambridge University Press}
}

