
@article{evans_king_privacy_2023,
  author = {Evans, Georgina and King, Gary and Schwenzfeier, Margaret and Thakurta, Abhradeep},
  title = {Statistically valid inferences from privacy-protected data},
  journal = {American Political Science Review},
  pages = {1-16},
  year = {2023},
  doi={10.1017/S0003055422001411}
}

@book{drechsler_synthetic_2011,
  title = {Synthetic Datasets for Statistical Disclosure Control: Theory and Implementation},
  author = {Drechsler, J{\"o}rg},
  year = {2011},
  publisher = {Springer},
  isbn = {978-1-4614-0326-5},
  doi = {10.1007/978-1-4614-0326-5}
}

@InProceedings{drechsler_utility_2022,
  author = {Drechsler, J{\"o}rg},
  editor = {Domingo-Ferrer, Josep and Laurent, Maryline},
  title = {Challenges in Measuring Utility for Fully Synthetic Data},
  booktitle = {Privacy in Statistical Databases},
  year = {2022},
  publisher = {Springer International Publishing},
  pages = {220--233},
  isbn = {978-3-031-13945-1},
  doi = {10.1007/978-3-031-13945-1_16}
}

@misc{fpf_2017,
  author = {{Future of Privacy Forum}},
  title = {Understanding corporate data sharing decisions: Practices, challenges, and opportunities for sharing corporate data with researchers},
  year = {2017},
  note = {Retrieved from \url{https://fpf.org/wp-content/uploads/2017/11/FPF_Data_Sharing_Report_FINAL.pdf}}
}

@book{hundepool_disclosure_2012,
  author = {Hundepool, Anco and Domingo-Ferrer, Josep and Franconi, Luisa and Giessing, Sarah and Schulte Nordholt, Eric and Spicer, Keith and De Wolf, Peter-Paul},
  title = {Statistical disclosure control},
  year = {2012},
  ISBN = {9781118348239},
  doi = {10.1002/9781118348239},
  url = {https://onlinelibrary.wiley.com/doi/book/10.1002/9781118348239},
  publisher = {John Wiley \& Sons}
}

@article{karr_utility_2006,
author = {A. F Karr and C. N Kohnen and A Oganian and J. P Reiter and A. P Sanil},
title = {A Framework for Evaluating the Utility of Data Altered to Protect Confidentiality},
journal = {The American Statistician},
volume = {60},
number = {3},
pages = {224-232},
year  = {2006},
publisher = {Taylor & Francis},
doi = {10.1198/000313006X124640},
URL = {https://doi.org/10.1198/000313006X124640},
}

@article{lazer_css_2009,
  author = {David Lazer  and Alex Pentland  and Lada Adamic  and Sinan Aral  and Albert-László Barabási  and Devon Brewer  and Nicholas Christakis  and Noshir Contractor  and James Fowler  and Myron Gutmann  and Tony Jebara  and Gary King  and Michael Macy  and Deb Roy  and Marshall Van Alstyne },
  title = {Computational Social Science},
  journal = {Science},
  volume = {323},
  number = {5915},
  pages = {721-723},
  year = {2009},
  doi = {10.1126/science.1167742},
  URL = {https://www.science.org/doi/abs/10.1126/science.1167742},
}

@article{little_statistical_1993,
  title={Statistical analysis of masked data},
  author={Little, Roderick J. A.},
  journal={Journal of Official Statistics},
  volume={9},
  number = {2},
  pages={407--407},
  year={1993},
}

@article{mice,
    title = {{mice}: Multivariate Imputation by Chained Equations in R},
    author = {Stef {van Buuren} and Karin Groothuis-Oudshoorn},
    journal = {Journal of Statistical Software},
    year = {2011},
    volume = {45},
    number = {3},
    pages = {1-67},
    doi = {10.18637/jss.v045.i03},
  }
  
@article{park_tablegan_2018,
  author = {Noseong Park and Mahmoud Mohammadi and Kshitij Gorde and Sushil Jajodia and Hongkyu Park and Youngmin Kim},
  title     = {Data Synthesis based on Generative Adversarial Networks},
  year      = {2018},
  url       = {http://arxiv.org/abs/1806.03384},
  journal = {arXiv},
  doi = {10.48550/arXiv.1806.03384},
  timestamp = {Mon, 13 Aug 2018 16:46:21 +0200}
}
  
@article{rubin_statistical_1993,
  title={Statistical disclosure limitation},
  author={Rubin, Donald B},
  journal={Journal of official Statistics},
  volume={9},
  number={2},
  pages={461--468},
  year={1993}
}

@book{schafer1997analysis,
  title={Analysis of incomplete multivariate data},
  author={Schafer, Joseph L},
  year={1997},
  publisher={CRC press},
  doi = {10.1201/9780367803025},
  isbn = {9780367803025}
}

@article{snoke_utility_2018,
  URL = {https://www.jstor.org/stable/48547509},
  author = {Joshua Snoke and Gillian M. Raab and Beata Nowok and Chris Dibben and Aleksandra Slavkovic},
  journal = {Journal of the Royal Statistical Society. Series A (Statistics in Society)},
  number = {3},
  pages = {pp. 663--688},
  publisher = {[Wiley, Royal Statistical Society]},
  title = {General and specific utility measures for synthetic data},
  volume = {181},
  year = {2018}
}



@article{synthpop,
    title = {{synthpop}: Bespoke Creation of Synthetic Data in {R}},
    author = {Beata Nowok and Gillian M. Raab and Chris Dibben},
    journal = {Journal of Statistical Software},
    year = {2016},
    volume = {74},
    number = {11},
    pages = {1--26},
    doi = {10.18637/jss.v074.i11},
  }
  
@article{taub2020impact,
  title={The Impact of Synthetic Data Generation on Data Utility with Application to the 1991 UK Samples of Anonymised Records.},
  author={Taub, Jennifer and Elliot, Mark and Sakshaug, Joseph W},
  journal={Transactions on Data Privacy},
  volume={13},
  number={1},
  pages={1--23},
  year={2020},
  url={http://www.tdp.cat/issues16/abs.a306a18.php}
}

@article{volker_vink_synthetic_mice_2021,
  AUTHOR = {Volker, Thom Benjamin and Vink, Gerko},
  TITLE = {Anonymiced Shareable Data: Using mice to Create and Analyze Multiply Imputed Synthetic Datasets},
  JOURNAL = {Psych},
  VOLUME = {3},
  YEAR = {2021},
  NUMBER = {4},
  PAGES = {703--716},
  ISSN = {2624-8611},
  DOI = {10.3390/psych3040045}
}

@book{willenborg_elements_2012,
  title={Elements of statistical disclosure control},
  author={Willenborg, Leon and De Waal, Ton},
  year={2012},
  publisher={Springer Science \& Business Media},
  isbn = {9781461301219},
  doi = {10.1007/978-1-4613-0121-9}
}

@article{woo_utility_2009, 
  title={Global Measures of Data Utility for Microdata Masked for Disclosure Limitation}, 
  volume={1}, 
  url={https://journalprivacyconfidentiality.org/index.php/jpc/article/view/568}, 
  doi={10.29012/jpc.v1i1.568}, 
  number={1}, 
  journal={Journal of Privacy and Confidentiality}, 
  author={Woo, Mi-Ja and Reiter, Jerome P. and Oganian, Anna and Karr, Alan F.}, 
  year={2009}, 
  month={Apr.}
}

@inproceedings{xu_ctgan_2019,
 author = {Xu, Lei and Skoularidou, Maria and Cuesta-Infante, Alfredo and Veeramachaneni, Kalyan},
 booktitle = {Advances in Neural Information Processing Systems},
 editor = {H. Wallach and H. Larochelle and A. Beygelzimer and F. d\textquotesingle Alch\'{e}-Buc and E. Fox and R. Garnett},
 pages = {},
 publisher = {Curran Associates, Inc.},
 title = {Modeling Tabular data using Conditional GAN},
 url = {https://proceedings.neurips.cc/paper/2019/file/254ed7d2de3b23ab10936522dd547b78-Paper.pdf},
 volume = {32},
 year = {2019}
}

@article{yoon2020anonymization,
  title={Anonymization through data synthesis using generative adversarial networks ({ADS-GAN})},
  author={Yoon, Jinsung and Drumright, Lydia N and Van Der Schaar, Mihaela},
  journal={IEEE Journal of Biomedical and Health Informatics},
  volume={24},
  number={8},
  pages={2378--2388},
  year={2020},
  publisher={IEEE},
  doi = {10.1109/JBHI.2020.2980262}
}

